% This file was created with JabRef 2.7.2.
% Encoding: UTF8

@STRING{CMM = {{C}entre de {M}orphologie {M}ath\'ematique}}

@STRING{ENSMP = {{\'E}cole des {M}ines de {P}aris}}

@STRING{CMMENSMP = CMM # {, } # ENSMP}

@STRING{CVPR = {IEEE {C}omputer {V}ision and {P}attern {R}ecognition}}

@STRING{ICIP = {Proceedings of the IEEE {I}nternational {C}onference on {I}mage {P}rocessing}}

@STRING{ICPR = {{I}nternational {C}onference on {P}attern {R}ecognition}}

@STRING{IEEEIP = {IEEE {T}ransactions on {I}mage {P}rocessing}}

@STRING{IJCV = {{I}nternational {J}ournal of {C}omputer {V}ision}}

@STRING{ITS = {IEEE {T}ransactions on {I}ntelligent {T}ransportation {S}ystems}}

@STRING{JMIV = {{J}ournal of {M}athematical {I}maging and {V}ision}}

@STRING{JMLR = {{J}ournal of {M}achine {L}earning {R}esearch}}

@STRING{mois01 = {janvier}}

@STRING{mois02 = {f\'evrier}}

@STRING{mois03 = {mars}}

@STRING{mois04 = {avril}}

@STRING{mois05 = {mai}}

@STRING{mois06 = {june}}

@STRING{mois07 = {juillet}}

@STRING{mois08 = {ao\^ut}}

@STRING{mois09 = {septembre}}

@STRING{mois10 = {octobre}}

@STRING{mois11 = {novembre}}

@STRING{mois12 = {d\'ecembre}}

@STRING{PAMI = {IEEE {T}ransactions on {P}attern {A}nalysis and {M}achine {I}ntelligence}}

@STRING{PRL = {{P}attern {R}ecognition {L}etters}}

@STRING{TVT = {IEEE {T}ransactions on {V}ehicular {T}echnology}}

@INPROCEEDINGS{DBLP:conf/ipcv/HaAKKSL06,
  author = {SooYoung, Ha and Sang-Ho, Ahn and Young-Choon, Kim and Mu-Yeon, Kim
	and Soo-Yeon, Son and Kuhn-Il, Lee},
  title = {Vehicle Occupant Head Distance Extraction Method using Stereo-Vision.},
  booktitle = {Proceedings of 2006 International Conference on Image Processing,
	Computer Vision, \& Pattern Recognition (IPCV'06)},
  year = {2006},
  pages = {180--183},
  bibsource = {DBLP, http://dblp.uni-trier.de},
  crossref = {DBLP:conf/ipcv/2006-1},
  timestamp = {2010.08.16}
}

@BOOK{alexandrescu_a_moderncpp,
  title = {Modern C++ Design: Generic Programming and Design Patterns Applied},
  publisher = {{A}ddison-{W}esley {P}rofessional},
  year = {2001},
  author = {Andrei Alexandrescu},
  edition = {1},
  language = {english}
}

@INPROCEEDINGS{alt:95,
  author = {Alt, Helmut and Schwarzkopf, Otfried},
  title = {The {V}oronoï diagram of curved objects},
  booktitle = {Proceedings of the 11\textsuperscript{th} annual Symposium on Computational
	Geometry},
  year = {1995},
  pages = {89--97},
  publisher = {ACM Press},
  language = {english}
}

@ARTICLE{amit_geman:2004,
  author = {Amit, Yali and Geman, Donald and Fan, Xiaodong},
  title = {A coarse-to-fine strategy for multiclass shape detection},
  journal = PAMI,
  year = {2004},
  volume = {26},
  pages = {1606--1621},
  number = {12},
  doi = {10.1109/TPAMI.2004.111}
}

@PHDTHESIS{angulo_lopez_2003,
  author = {Angulo L\'opez, Jes\'us},
  title = {Morphologie math\'ematique et indexation couleur. Application {\`a}
	la microscopie en biom\'edecine},
  school = CMMENSMP,
  year = {2003},
  language = {french}
}

@INPROCEEDINGS{ICIP_Angulo03,
  author = {Angulo L\'opez, Jes\'us and Serra, Jean},
  title = {Color segmentation by ordered mergings},
  booktitle = ICIP,
  year = {2003},
  volume = {2},
  pages = {1--4},
  address = {Barcelone, Espagne},
  month = mois09,
  language = {english},
  oporganization = {IEEE}
}

@ARTICLE{aurenhammer:91,
  author = {Aurenhammer, Franz},
  title = {Voronoï diagrams : a survey of a fundamental geometric data structure},
  journal = {ACM Computing Surveys},
  year = {1991},
  volume = {23},
  pages = {345--405},
  number = {3},
  language = {english},
  publisher = {ACM Press}
}

@INPROCEEDINGS{enficiau:plantnet_ebiosphere:2009,
  author = {Barthélémy, Daniel and Boujemaa, Nozha and Mathieu, Daniel and Molino,
	Jean-françois and Bonnet, Pierre and Enficiaud, Raffi and Mouysset,
	Elise},
  title = {The {P}l@ntnet project: plant computational identification and collaborative
	information system},
  booktitle = {e-Biosphere: International Conference on Biodiversity Informatics},
  year = {2009},
  owner = {enficiau},
  timestamp = {2010.11.16}
}

@INPROCEEDINGS{enficiau:cfm:2009,
  author = {Barthélémy, Daniel and Boujemaa, Nozha and Mathieu, Daniel and Molino,
	Jean-François and Bonnet, Pierre and Enficiaud, Raffi and Mouysset,
	Elise and Couteron, Pierre},
  title = {The {P}l@ntNet project: A Computational plant identification and
	collaborative information system},
  booktitle = {{W}orld {F}orestry {C}ongress},
  year = {2009},
  owner = {enficiau},
  timestamp = {2010.11.17}
}

@ARTICLE{beare:2006,
  author = {Beare, Richard},
  title = {A locally constrained watershed transform},
  journal = PAMI,
  year = {2006},
  volume = {28},
  pages = {1063--1074},
  number = {7},
  month = mois07,
  language = {english}
}

@INCOLLECTION{belhumer:eccv:08,
  author = {Belhumeur, Peter and Chen, Daozheng and Feiner, Steven and Jacobs,
	David and Kress, W. and Ling, Haibin and Lopez, Ida and Ramamoorthi,
	Ravi and Sheorey, Sameer and White, Sean and Zhang, Ling},
  title = {Searching the World’s Herbaria: A System for Visual Identification
	of Plant Species},
  booktitle = {European Conference on Computer Vision (ECCV)},
  publisher = {Springer Berlin / Heidelberg},
  year = {2008},
  editor = {Forsyth, David and Torr, Philip and Zisserman, Andrew},
  volume = {5305},
  series = {Lecture Notes in Computer Science},
  pages = {116--129},
  doi = {10.1007/978-3-540-88693-8_9},
  timestamp = {2010.12.06}
}

@ARTICLE{belongie:shape:2002,
  author = {Belongie, Serge and Malik, Jitendra and Puzicha, Jan},
  title = {Shape matching and object recognition using shape contexts},
  journal = PAMI,
  year = {2002},
  volume = {24},
  pages = {509--522},
  number = {4},
  doi = {10.1109/34.993558},
  issn = {0162-8828}
}

@INPROCEEDINGS{betser:2005,
  author = {Betser, Jonathan and Delest, S\'ebastien and Bon\'e, Romuald},
  title = {Segmentation 3D hi\'erarchique par ligne de partage des eaux sans
	biais.},
  booktitle = {RFIA'06 : Actes du 15\textsuperscript{e} congrès Francophone de Reconnaissances
	de Formes et Intelligence Artificielle.},
  year = {2006},
  language = {french}
}

@INPROCEEDINGS{beucher:residues:2005,
  author = {Beucher, Serge},
  title = {Numerical Residues},
  booktitle = {{P}roceedings of the 7\textsuperscript{th} {I}nternational {S}ymposium
	on {M}athematical {M}orphology},
  year = {2005},
  pages = {23--32},
  month = mois04,
  language = {english}
}

@TECHREPORT{beucher_lpe_sans_biais:2004,
  author = {Beucher, Serge},
  title = {Algorithmes sans biais de Ligne de Partage des Eaux},
  institution = CMMENSMP,
  year = {2004},
  month = mois04,
  language = {french}
}

@TECHREPORT{beucher_transformation_residuelle:2003,
  author = {Beucher, Serge},
  title = {Transformations r\'esiduelles en morphologie num\'erique},
  institution = CMMENSMP,
  year = {2003},
  month = mois12,
  language = {french}
}

@PHDTHESIS{beucher_watershed_1990,
  author = {Beucher, Serge},
  title = {Segmentation d'images et morphologie math\'ematique},
  school = CMMENSMP,
  year = {1991},
  month = mois06,
  language = {french}
}

@INPROCEEDINGS{beucher_lantuejoul_1979,
  author = {Beucher, Serge and Lantu\'ejoul, Christian},
  title = {Use of watersheds in contour detection},
  booktitle = {International Workshop on image processing, real-time edge and motion
	detection/estimation},
  year = {1979},
  month = mois09,
  organization = {Rennes, France},
  language = {english}
}

@INPROCEEDINGS{bevilacqua:2002,
  author = {Bevilacqua, Alessandro},
  title = {A Novel Background Initialization Method in Visual Surveillance},
  booktitle = {Proceedings of IAPR Workshop on Machine Vision Applications (MVA
	2002)},
  year = {2002},
  pages = {614--617},
  month = mois12,
  language = {english}
}

@ARTICLE{de_cock:2003,
  author = {Bodenhofer, Ulrich and De Cock, Martine and Kerre, Etienne E.},
  title = {Openings and Closures of Fuzzy Preorderings: Theoretical Basics and
	Applications to Fuzzy Rule-Based Systems},
  journal = {International Journal of General Systems},
  year = {2003},
  volume = {32},
  pages = {343--360},
  number = {4},
  language = {english}
}

@ARTICLE{venation:2002,
  author = {Bohn, S. and Andreotti, B. and Douady, S. and Munzinger, J. and Couder
	Y.},
  title = {Constitutive property of the local organization of leaf venation
	networks},
  journal = {Physical review. E (Statistical, nonlinear, and soft matter physics)},
  year = {2002},
  volume = {65},
  pages = {061914 1--12},
  number = {6 Pt 1},
  timestamp = {2010.09.03}
}

@TECHREPORT{rfc1521,
  author = {Borenstein, N. and Bellcore and Freed, N. and Innosoft},
  title = {RFC 1521 - MIME (Multipurpose Internet Mail Extensions) Part One:
	Mechanisms for Specifying and Describing the Format of Internet Message
	Bodies},
  institution = {The Internet Engineering Task Force},
  year = {1993},
  month = mois09,
  language = {english},
  url = {http://www.faqs.org/rfcs/rfc1521.html}
}

@ARTICLE{borgefors:1986,
  author = {Borgefors, Gunilla},
  title = {Distance transformations in digital images},
  journal = {Computer Vision, Graphics and Image Processing},
  year = {1986},
  volume = {34},
  pages = {344--371},
  number = {3},
  language = {english},
  publisher = {{A}cademic {P}ress {P}rofessional, Inc.}
}

@INPROCEEDINGS{boujemaa:2001,
  author = {Boujemaa, Nozha and Fauqueur, Julien and Ferecatu, Marin and Fleuret,
	François and Gouet, Valérie and Le {S}aux, Bertrand and Sahbi, Hichem},
  title = {{I}kona: Interactive specific and generic image retrieval},
  booktitle = {International workshop on {M}ulti{M}edia {C}ontent-{B}ased {I}ndexing
	and {R}etrieval (MMCBIR'2001)},
  year = {2001},
  owner = {enficiau},
  timestamp = {2010.11.22}
}

@BOOK{bourbaki_topologie14,
  title = {Topologie g\'en\'erale, Chap. 1 {\`a} 4.},
  publisher = {Springer},
  year = {1971},
  author = {Bourbaki, Nicolas},
  series = {\'El\'ements de math\'ematiques Livre III},
  owner = {superraf},
  timestamp = {2009.04.14}
}

@ARTICLE{boverie:2002,
  author = {Boverie, S},
  title = {A new class of intelligent sensors for the inner space monitoring
	of the vehicle of the future},
  journal = {Control Engineering Practice},
  year = {2002},
  volume = {10},
  pages = {1169--1178},
  number = {11},
  doi = {DOI: 10.1016/S0967-0661(01)00117-4},
  issn = {0967-0661},
  keywords = {Stereoscopic vision}
}

@ARTICLE{boverie:2003,
  author = {Boverie, S. and Devy, M. and Lerasle, F.},
  title = {Comparison of structured light and stereovision sensors for new airbag
	generations},
  journal = {Control Engineering Practice},
  year = {2003},
  volume = {11},
  pages = {1413--1421},
  number = {12},
  note = {Award winning applications-2002 IFAC World Congress},
  doi = {DOI: 10.1016/S0967-0661(03)00137-0},
  issn = {0967-0661},
  keywords = {Video sensing}
}

@INPROCEEDINGS{Bowden:2005,
  author = {Bowden, Richard and KaewTraKulPong, Pakorn},
  title = {Towards automated wide area visual surveillance: tracking objects
	between spatially-separated, uncalibrated views},
  booktitle = {IEE {P}roceedings on {V}ision, {I}mage and {S}ignal {P}rocessing},
  year = {2005},
  volume = {152},
  number = {2},
  pages = {213--223},
  month = mois04,
  language = {english}
}

@PHDTHESIS{brambor:2006,
  author = {Brambor, Jarom\'ir},
  title = {Algorithmes de la Morphologie Math\'ematique pour les architectures
	orient\'ees flux.},
  school = CMMENSMP,
  year = {2006},
  language = {french}
}

@INPROCEEDINGS{bruckstein96,
  author = {Bruckstein, A.M. and Rivlin, E. and Weiss, I.},
  title = {Recognizing Objects Using Scale Space Local Invariants},
  booktitle = {International Conference on Pattern Recognition},
  year = {1996},
  volume = {1},
  pages = {760--764},
  month = mois08,
  language = {english}
}

@TECHREPORT{burkhardt:2004,
  author = {Burkhardt, Hans},
  title = {Musterkennung - Lecture Notes},
  institution = {Lehrstuhl für Mustererkennung und Bildverarbeitung - Institut für
	Informatik - Universität Freiburg},
  year = {2004},
  owner = {enficiau},
  timestamp = {2011.02.10},
  url = {http://lmb.informatik.uni-freiburg.de//lectures/mustererkennung/Videoaufzeichnungen/index.html}
}

@INCOLLECTION{burkhardt:2001,
  author = {Burkhardt, Hans and Siggelkow, Sven},
  title = {Invariant features in pattern recognition-fundamentals and applications},
  booktitle = {Nonlinear Model-Based Image/Video Processing and Analysis},
  publisher = {John Wiley \& Sons},
  year = {2001},
  editor = {Pitas, Ioannis and Kotropoulos, Constantine},
  chapter = {7},
  owner = {enficiau},
  timestamp = {2010.11.30}
}

@PHDTHESIS{clienti:2009,
  author = {Clienti, Christophe},
  title = {Architectures flot de données dédiées au traitement d'images par
	Morphologie Mathématique},
  school = CMMENSMP,
  year = {2009},
  owner = {Superraf},
  timestamp = {2010.06.29}
}

@INPROCEEDINGS{clienti:2008,
  author = {Clienti, Christophe and Beucher, Serge and Bilodeau, Michel},
  title = {A System on Chip Dedicated to Pipeline Neighborhood Processing For
	Mathematical Morphology.},
  booktitle = {Proceedings of the 16th European Signal Processing Conference (Eusipco)},
  year = {2008},
  owner = {Superraf},
  timestamp = {2010.09.01}
}

@ARTICLE{mean_shift:2002,
  author = {Comaniciu, Dorin and Meer, Peter},
  title = {Mean shift: a robust approach toward feature space analysis},
  journal = PAMI,
  year = {2002},
  volume = {24},
  pages = {603--619},
  number = {5},
  doi = {10.1109/34.1000236}
}

@INPROCEEDINGS{enficiau:ebio:2009,
  author = {Coutaud, Mathieu and Bonnet, Pierre and Joly, Alexis and Enficiaud,
	Raffi and Boujemaa, Nozha and Barthélémy, Daniel},
  title = {Advances in taxonomic identification by image recognition with the
	generic content-based image retrieval {I}KONA},
  booktitle = {e-Biosphere: International Conference on Biodiversity Informatics},
  year = {2009},
  owner = {enficiau},
  timestamp = {2010.11.16}
}

@ARTICLE{crespo:flat_zones:97,
  author = {Crespo, Jos\'e and Schafer, Ronald W. and Serra, Jean and Gratin,
	Christophe and Meyer, Fernand},
  title = {The flat zone approach: A general low-level region merging segmentation
	method},
  journal = {Signal Processing},
  year = {1997},
  volume = {62},
  pages = {37--60},
  number = {1},
  language = {english}
}

@PHDTHESIS{cuisenaire:thesis,
  author = {Cuisenaire, Olivier},
  title = {Distance transformations: Fast algorithms and applications to medical
	image processing.},
  school = {Universit\'e Catholique de Louvain},
  year = {1999},
  address = {Louvain-La-Neuve, Belgique},
  language = {english}
}

@INPROCEEDINGS{cuisenaire:97,
  author = {Cuisenaire, Olivier},
  title = {Region Growing Euclidean Distance Transforms},
  booktitle = {Proceedings of the 9\textsuperscript{th} International Conference
	on Image Analysis and Processing},
  year = {1997},
  volume = {1},
  pages = {263--270},
  month = mois09,
  language = {english}
}

@ARTICLE{cuisenaire:1999,
  author = {Cuisenaire, Olivier and Macq, Benoit},
  title = {Fast euclidean distance transformation by propagation using multiple
	neighborhoods},
  journal = {Computer Vision and Image Understanding},
  year = {1999},
  volume = {76},
  pages = {162--172},
  number = {2},
  timestamp = {2010.06.04}
}

@INPROCEEDINGS{deniz-castrillon-hernandez:03,
  author = {O. D\'eniz and M. Castrill\'on and M. Hern\'andez},
  title = {Face recognition using independent component analysis and support
	vector machines},
  booktitle = {Audio- and Video-Based Biometric Person Authentication},
  year = {2003},
  editor = {Springer},
  volume = {2091},
  pages = {59--64},
  chapter = {Audio- and Video-Based Biometric Person Authentication},
  journal = PRL
}

@ARTICLE{danielsson:1980,
  author = {Danielsson, Per{-}Erik},
  title = {Euclidean distance mapping},
  journal = {Computer Graphics and Image Processing},
  year = {1980},
  volume = {14},
  pages = {227--248},
  language = {english}
}

@INPROCEEDINGS{darbon:2002,
  author = {Darbon, Jérôme and Géraud, Thierry and Duret-Lutz, Alexandre},
  title = {Generic Implementation of Morphological Image Operators},
  booktitle = {International Symposium on Mathematical Morphology VI},
  year = {2002},
  pages = {175--184},
  owner = {Superraf},
  timestamp = {2010.06.29}
}

@BOOK{davey:2002,
  title = {Introduction to Lattices and Order},
  publisher = {{C}ambridge {U}niversity {P}ress},
  year = {2002},
  author = {Davey, B.A. and Priestley, H.A.},
  edition = {2},
  language = {english}
}

@PHDTHESIS{dejnozkova_2004,
  author = {Dejnozkova, Eva},
  title = {Architecture d\'edi\'ee au traitement d'image bas\'e sur les \'equations
	aux d\'eriv\'ees partielle.},
  school = CMMENSMP,
  year = {2004},
  language = {french}
}

@ARTICLE{heijmans_fuzzy:2002,
  author = {Deng, Ting{-}Quan and Heijmans, Henk},
  title = {Grey-scale morphology based on fuzzy logic},
  journal = JMIV,
  year = {2002},
  volume = {16},
  pages = {155--171},
  number = {2},
  language = {english}
}

@TECHREPORT{dinges_perclos:98,
  author = {Dinges, David F. and Grace, Richard},
  title = {\og {PERCLOS} \fg: A Valid Psychophysiological of Alertness As Assessed
	by Psychomotor Vigilance},
  institution = {Federal Highway Administration},
  year = {1998},
  language = {english},
  school = {Office of Motor Carriers}
}

@INPROCEEDINGS{vitalas:2009,
  author = {Diou, Christos and Stephanopoulos, George and Dimitriou, Nikos and
	Panagiotopoulos, Panagiotis and Papachristou, Christos and Delopoulos,
	Anastasios and Rode, Henning and Tsikrika, Theodora and De Vries,
	Arjen P. and Schneider, Daniel and Schwenninger, Jochen and Viaud,
	Marie-Luce and Saulnier, Agnès and Altendorf, Peter and Schröter,
	Birgit and Elser, Matthias and Rego, Angel and Rodriguez, Alex and
	Martínez, Cristina and Etxaniz, Iñaki and Dupont, Gérard and Grilhères,
	Bruno and Martin, Nicolas and Boujemaa, Nozha and Joly, Alexis and
	Enficiaud, Raffi and Verroust-Blondet, Anne and Selmi, Souheil and
	Khadhraoui, Mondher},
  title = {VITALAS at TRECVID-2009},
  booktitle = {Proceedings of NIST TRECVID Workshop},
  year = {2009},
  owner = {Raffi},
  timestamp = {2011.01.25}
}

@INPROCEEDINGS{raffi:icassp:2004,
  author = {Dokladal, Petr and Enficiaud, Raffi and Dejnozkova, Eva},
  title = {Contour-Based Object Tracking with Gradient-Based Contour Attraction
	Field},
  booktitle = {Proceedings of the IEEE International Conference on Acoustics, Speech,
	and Signal Processing.},
  year = {2004},
  volume = {3},
  pages = {17--20},
  language = {english}
}

@INCOLLECTION{enficiaud:qd:2010,
  author = {Enficiaud, Raffi},
  title = {Queue and priority queue based algorithms for computing the quasi-distance
	transform},
  booktitle = {Image Analysis and Recognition},
  publisher = {Springer},
  year = {2010},
  editor = {Campilho, Aurélio and Kamel, Mohamed},
  volume = {6111},
  series = {Lecture Notes in Computer Science},
  pages = {35--44},
  doi = {10.1007/978-3-642-13772-3_4},
  timestamp = {2010.03.17}
}

@MISC{yayi:2009,
  author = {Enficiaud, Raffi},
  title = {Yayi \url{http://raffi.enficiaud.free.fr}}
}

@PHDTHESIS{enficiaud:2007,
  author = {Enficiaud, Raffi},
  title = {Algorithmes multidimensionnels et multispectraux en morphologie math\'ematique:
	approche par m\'eta-programmation},
  school = CMMENSMP,
  year = {2007},
  language = {english}
}

@PHDTHESIS{raffi:phd:2007,
  author = {Enficiaud, Raffi},
  title = {Multi-dimensional and multi-spectral algorithms in the field of Mathematical
	Morphology : The meta-programming approach.},
  school = CMMENSMP,
  year = {2007},
  language = {french}
}

@INPROCEEDINGS{enficiau:tdwg:2009,
  author = {Enficiaud, Raffi and Boujemaa, Nozha},
  title = {New challenges for visual information retrieval in biodiversity applications},
  booktitle = {Taxonomic Database Working Group (TDWG)},
  year = {2009},
  owner = {enficiau},
  timestamp = {2010.11.16}
}

@INPROCEEDINGS{raffi:vs2006,
  author = {Enficiaud, Raffi and Lienard, Bruno and Allezard, Nicolas and Sebbe,
	Raphaël and Beucher,Serge and Desurmont, Xavier and Sayd, Patrick
	and Delaigle, Jean-François},
  title = {Clovis - A generic framework for general purpose visual surveillance
	applications},
  booktitle = {VS2006, The 6\textsuperscript{th} IEEE International Workshop on
	Visual Surveillance (ECCV Workshop)},
  year = {2006},
  language = {english}
}

@PATENT{enficiau:patent:2004,
  nationality = {US},
  number = {6728316},
  year = {2004},
  yearfiled = {2001},
  author = {Enficiaud, Raffi and Pesquet-Popescu, Béatrice},
  title = {Video coding method with global bitrate allocation},
  assignee = {{K}oninklijke {P}hilips {E}lectronics {N}.{V}.},
  owner = {enficiau},
  timestamp = {2010.11.17}
}

@PATENT{enficiau:patent:2002,
  nationality = {EPO},
  number = {WO/2002/023475},
  year = {2002},
  yearfiled = {2001},
  author = {Enficiaud, Raffi and Pesquet-Popescu, Béatrice},
  title = {Video coding method},
  assignee = {{K}oninklijke {P}hilips {E}lectronics {N}.{V}.},
  owner = {enficiau},
  timestamp = {2010.11.17}
}

@INPROCEEDINGS{espina:2005,
  author = {Espina, Maria Valera and Velastin, Sergio A.},
  title = {Intelligent distributed surveillance systems: a review},
  booktitle = {IEE Proceedings - Vision, Image, and Signal Processing},
  year = {2005},
  volume = {152},
  number = {2},
  pages = {192--204},
  month = mois04,
  language = {english}
}

@INPROCEEDINGS{cesar1999,
  author = {Estrozi, Leandro F. and Campos, Andr\'ea G. and Rios, Luiz G. and
	Cesar, Roberto M. Jr. and Costa, Luciano da F.},
  title = {Comparing curvature estimation techniques},
  booktitle = {Simpósio Brasileiro de Automação Inteligente},
  year = {1999},
  pages = {58--63},
  language = {english}
}

@INPROCEEDINGS{finlayson:2001,
  author = {Finlayson, Graham and Schaefer, Gerald},
  title = {Hue that is invariant to brightness and gamma},
  booktitle = {British Machine Vision Conference},
  year = {2001},
  ee = {http://www.bmva.ac.uk/bmvc/2001/papers/40/40.html},
  language = {english}
}

@ARTICLE{finlayson:2006,
  author = {Finlayson, Graham D. and Hordley, Steven D. and Lu, Cheng and Drew,
	Mark S.},
  title = {On the Removal of Shadows from Images},
  journal = PAMI,
  year = {2006},
  volume = {28},
  pages = {59--68},
  number = {1},
  doi = {doi:10.1109/TPAMI.2006.18},
  timestamp = {2010.06.28}
}

@BOOK{Fisher_95,
  title = {Statistical analysis of circular data},
  publisher = {{C}ambridge {U}niversity {P}ress},
  year = {1995},
  author = {Fisher, N.I.},
  edition = {2nd},
  language = {english}
}

@ARTICLE{Fitzgibbon99,
  author = {Fitzgibbon, Andrew W. and Pilu, Maurizio and Fisher, Robert B.},
  title = {Direct least-squares fitting of ellipses},
  journal = PAMI,
  year = {1999},
  volume = {21},
  pages = {476--480},
  number = {5},
  month = mois05
}

@ARTICLE{fleuret_geman_cat:2008,
  author = {Fleuret, François and Geman, Donald},
  title = {Stationary Features and Cat Detection},
  journal = JMLR,
  year = {2008},
  volume = {9},
  pages = {2549--2578},
  timestamp = {2010.08.23}
}

@PHDTHESIS{fricout:2004,
  author = {Fricout, Gabriel},
  title = {Propri\'et\'es morphologiques et optiques des surfaces rugueuses.},
  school = CMMENSMP,
  year = {2004},
  language = {french}
}

@MISC{Megawave,
  author = {Froment, Jacques and Moisan, Lionel and Morel, Jean-Michel and et
	al.},
  title = {MegaWave},
  timestamp = {2010.09.03},
  url = {http://megawave.cmla.ens-cachan.fr/}
}

@ARTICLE{mean_shift_fukuna:1975,
  author = {Fukunaga, Keinosuke and Hostetler, Larry D.},
  title = {The estimation of the gradient of a density function, with applications
	in pattern recognition},
  journal = {IEEE Transactions on Information Theory},
  year = {1975},
  volume = {21},
  pages = {32--40},
  number = {1},
  doi = {10.1109/TIT.1975.1055330}
}

@ARTICLE{barrera:2003,
  author = {Fumio Hashimoto, Ronaldo and Barrera, Junior},
  title = {A Greedy Algorithm for Decomposing Convex Structuring Elements},
  journal = JMIV,
  year = {2003},
  volume = {18},
  pages = {269--289},
  number = {3},
  language = {english}
}

@BOOK{design-patterns:1994,
  title = {Design patterns: Elements of reusable object-oriented software},
  publisher = {{A}ddison-{W}esley {P}rofessional},
  year = {1994},
  author = {Gamma, Erich and Helm, Richard and Johnson, Ralph and Vlissides,
	John},
  edition = {1},
  language = {english}
}

@INPROCEEDINGS{geman_ctf_design:2006,
  author = {Gangaputra, Sachin and Geman, Donald},
  title = {A Design Principle for Coarse-to-Fine Classification},
  booktitle = {Proceedings of the IEEE Conference on Computer Vision and Pattern
	Recognition (CVPR)},
  year = {2006},
  volume = {2},
  pages = {1877--1884},
  doi = {http://doi.ieeecomputersociety.org/10.1109/CVPR.2006.21},
  timestamp = {2010.08.23}
}

@ARTICLE{gaston:04,
  author = {Gaston, Kevin J. and O'Neill, Mark A.},
  title = {Automated species identification : Why not?},
  journal = {Philosophical Transactions of the Royal Society B: Biological Sciences},
  year = {2004},
  volume = {359},
  pages = {655--667},
  timestamp = {2010.12.06}
}

@ARTICLE{georghiades:2001,
  author = {Georghiades, Athinodoros S. and Belhumeur, Peter N. and Kriegman,
	David J.},
  title = {From Few to Many: Illumination Cone Models for Face Recognition under
	Variable Lighting and Pose},
  journal = PAMI,
  year = {2001},
  volume = {23},
  pages = {643--660},
  number = {6},
  month = mois06,
  language = {english}
}

@PHDTHESIS{GeusebroekThesis,
  author = {Geusebroek, Jan-Mark},
  title = {Color and Geometrical Structure in Images},
  school = {{A}msterdam university, {Netherlands}},
  year = {2000},
  language = {english}
}

@ARTICLE{geusebroek:2001,
  author = {Geusebroek, Jan-Mark and van den Boomgaard, Rein and W.M. Smeulders,
	Arnold and Geerts, Hugo},
  title = {Color Invariance},
  journal = PAMI,
  year = {2001},
  volume = {23},
  pages = {1338--1350},
  number = {12},
  owner = {enficiau},
  timestamp = {2011.03.01}
}

@ARTICLE{Geusebroek_aloi2005,
  author = {Geusebroek, Jan-Mark and Burghouts, Gertjan J. and Smeulders, Arnold
	W.M.},
  title = {The {A}msterdam Library of Object Images},
  journal = IJCV,
  year = {2005},
  volume = {61},
  pages = {103--112},
  number = {1},
  month = mois01,
  language = {english}
}

@ARTICLE{kimmel_efficient_dilation:2002,
  author = {Gil, Joseph (Yossi) and Kimmel, Ron},
  title = {Efficient Dilation, Erosion, Opening, and Closing Algorithms},
  journal = PAMI,
  year = {2002},
  volume = {24},
  pages = {1606--1617},
  number = {12},
  owner = {Superraf},
  timestamp = {2010.08.24}
}

@ARTICLE{goldenberg_kimmel,
  author = {Roman Goldenberg and Ron Kimmel and Ehud Rivlin and Michael Rudzsky},
  title = {Fast Geodesic Active Contours},
  journal = IEEEIP,
  year = {2001},
  volume = {10},
  pages = {1467--1475},
  number = {10},
  language = {english}
}

@PHDTHESIS{gomila_2001,
  author = {Gomila, Christina},
  title = {Mise en correspondance de partition en vue de suivi d'objets.},
  school = CMMENSMP,
  year = {2001},
  language = {french}
}

@INPROCEEDINGS{gourier_2004,
  author = {Gourier, Nicolas and Hall, Daniela and Crowley, James L.},
  title = {Estimating Face Orientation from Robust Detection of Salient Facial
	Features},
  booktitle = {Proceedings of POINTING'04: Visual Observation of Deictic Gestures
	(in association with ICPR 04), Cambridge, Royaume{-} Uni},
  year = {2004},
  language = {english}
}

@PHDTHESIS{gratin:93,
  author = {Gratin, Christophe},
  title = {De la repr\'esentation des images au traitement morphologique d'images
	tridimensionnelles},
  school = CMMENSMP,
  year = {1993},
  language = {french}
}

@PATENT{PATENT:6766271,
  nationality = {United States},
  number = {6766271},
  year = {2004},
  yearfiled = {2003},
  author = {Griffin, Dennis P. and Fultz, William W. and Wu, Cunkai},
  title = {Infrared out-of-position detection system and method for a vehicle
	restraint system},
  month = {July},
  note = {US Patent 6766271},
  timestamp = {2010.08.16}
}

@PHDTHESIS{grimaud:1991,
  author = {Grimaud, Michel},
  title = {La g\'eod\'esie num\'erique en morphologie math\'ematique. Application
	{\`a} la d\'etection automatique des microcalcifications.},
  school = CMMENSMP,
  year = {1991},
  language = {french}
}

@TECHREPORT{OIV2009,
  author = {{Groupe d'experts ``Sélection de la Vigne''}},
  title = {Liste des descripteurs {OIV} pour les variétés et espèces de {V}itis},
  institution = {{O}rganisation {I}nternationale de la {V}igne et du {V}in (OIV)},
  year = {2009},
  editor = {2ème édition},
  url = {http://www.oiv.int/oiv/files/5%20-%20Publications/5%20-%201%20Publications%20OIV/FR/5-1-9_Liste_descripteurs_2ed_FR.pdf}
}

@TECHREPORT{guichard_morel,
  author = {Guichard, Fr\'ed\'eric and Morel, Jean{-}Michel},
  title = {Image analysis and {PDE}'s},
  institution = {Centre de math\'ematiques et de leurs applications},
  year = {2001},
  language = {english},
  school = {École Normale Sup\'erieure de Cachan}
}

@ARTICLE{guo_2002,
  author = {Guo, Baofeng and Lam,Kin-Man and Lin, Kwan-Ho and Wan-Chi Siu},
  title = {Human face recognition based on spatially weighted Haussdorff distance},
  journal = PRL,
  year = {2003},
  volume = {24},
  pages = {499--507},
  number = {1-3},
  url = {http://www.elsevier.com/locate/patrec}
}

@ARTICLE{haas:67,
  author = {Haas, Andr\'e and Matheron, Georges and Serra, Jean},
  title = {Morphologie math\'ematique et granulom\'etrie en place (1 \& 2)},
  journal = {Annales des Mines},
  year = {1967},
  volume = {11 \& 12},
  language = {french}
}

@PHDTHESIS{hanbury_2002,
  author = {Hanbury, Allan},
  title = {Morphologie math\'ematique sur le cercle unit\'e, avec applications
	aux teintes et aux textures orient\'ees.},
  school = CMMENSMP,
  year = {2002},
  language = {french}
}

@INPROCEEDINGS{hanbury_taming_2002,
  author = {Hanbury, Allan},
  title = {The Taming of the Hue, Saturation and Brightness Colour Space. {M}athematical
	Morphology in the {HLS} Colour Space},
  booktitle = {Proceedings of the 7\textsuperscript{th} Computer Vision Winter Workshop},
  year = {2002},
  month = mois02,
  organization = {Bad Aussee, {A}utriche},
  language = {english}
}

@TECHREPORT{Hanbury2001_lexicographicalHLS,
  author = {Hanbury, Allan},
  title = {Lexicographical order in the {HLS} colour space},
  institution = CMM,
  year = {2001},
  language = {english},
  school = ENSMP
}

@INPROCEEDINGS{hanbury2006,
  author = {Hanbury, Allan and Marcotegui, Beatriz},
  title = {Waterfall segmentation of complex scenes},
  booktitle = {7\textsuperscript{th} {A}sian Conference on {C}omputer {V}ision},
  year = {2006},
  month = mois01,
  language = {english}
}

@TECHREPORT{HanburySerra2002_3DPolarCoordinate,
  author = {Hanbury, Allan and Serra, Jean},
  title = {A 3D-polar coordinate colour representation suitable for image analysis},
  institution = {Pattern Recognition and Image Processing group, Vienna Technical
	University},
  year = {2002},
  language = {english},
  school = {Universit\'e des {T}echnologies de {V}ienne, Autriche}
}

@TECHREPORT{hanbury-serra-lab-2001,
  author = {Hanbury, Allan and Serra, Jean},
  title = {{M}athematical {M}orphology in the {L}*a*b* Colour Space},
  institution = CMMENSMP,
  year = {2001},
  language = {english}
}

@ARTICLE{hanbury:serra:01,
  author = {Hanbury, Allan and Serra, Jean},
  title = {Morphological operators on the unit circle},
  journal = IEEEIP,
  year = {2001},
  volume = {10},
  pages = {1842--1850},
  number = {12},
  language = {english}
}

@ARTICLE{haralick-84,
  author = {Haralick, Robert},
  title = {Digital step edges from zero crossing of second directional derivatives},
  journal = PAMI,
  year = {1984},
  volume = {6},
  pages = {58--68},
  number = {1}
}

@INPROCEEDINGS{harchaoui_bach:2007,
  author = {Harchaoui, Za{\"i}d and Bach, Francis},
  title = {Image classification with segmentation graph kernels},
  booktitle = {Proceedings of the IEEE Conference on Computer Vision and Pattern
	Recognition (CVPR)},
  year = {2007},
  owner = {superraf},
  timestamp = {2010.02.17}
}

@ARTICLE{harvey_1996,
  author = {Harvey, Neal R. and Marshall, Stephen},
  title = {Using Genetic Algorithms in the Design of Morphological Filters},
  journal = {Signal Processing: Image communication},
  year = {1996},
  volume = {8},
  pages = {55--71},
  number = {1},
  month = mois01,
  language = {english}
}

@ARTICLE{Haultdubrulle:2010,
  author = {Hault-dubrulle, Audrey and Robache, Frederic and Drazetic, Pascal
	and Guillemot, Herve and Morvan, Herve},
  title = {Determination of pre-impact occupant postures and analysis of consequences
	on injury outcome--Part II: Biomechanical study},
  journal = {Accident Analysis \& Prevention},
  year = {2010},
  volume = {In Press, Corrected Proof},
  pages = {-},
  doi = {DOI: 10.1016/j.aap.2010.07.013}
}

@ARTICLE{sne:2003,
  author = {Hinton, Geoffrey and Roweis, Sam T.},
  title = {Stochastic Neighbor Embedding},
  journal = {Neural Information Processing Systems},
  year = {2003},
  pages = {857--864},
  timestamp = {2010.06.19}
}

@ARTICLE{hu:62,
  author = {Hu, Ming-Kuei},
  title = {Visual pattern recognition by moment invariants},
  journal = {IRE Transactions on Information Theory},
  year = {1962},
  volume = {8},
  pages = {179 -187},
  number = {2},
  doi = {10.1109/TIT.1962.1057692},
  issn = {0096-1000}
}

@ARTICLE{Hutchinson:1963,
  author = {Hutchinson, George},
  title = {Partioning algorithms for finite sets},
  journal = {Communications of the ACM},
  year = {1963},
  volume = {6},
  pages = {613--614},
  number = {10},
  month = oct,
  abstract = {The partitions of a set with n elements are represented by certain
	n-tuples of positive integers. Algorithms are described which generate
	without repetitions the n-tuples corresponding to: (1) all partitions
	of the given set, (2) all partitions of the given set into m or fewer
	sets (1 ≨ m ≨ n), and (3) all partitions of the given set into exactly
	m sets (1 ≨ m ≨ n).},
  acmid = {367661},
  address = {New York, NY, USA},
  doi = {10.1145/367651.367661},
  issn = {0001-0782},
  issue_date = {Oct. 1963},
  numpages = {2},
  publisher = {ACM},
  url = {http://doi.acm.org/10.1145/367651.367661}
}

@INPROCEEDINGS{iwanowski:99,
  author = {Iwanowski, Marcin and Serra, Jean},
  title = {Morphological interpolation and color images},
  booktitle = {Proceedings of the 10\textsuperscript{th} {IAPR} {I}nternational
	{C}onference on {I}mage {A}nalysis and {P}rocessing},
  year = {1999},
  pages = {50--55},
  address = {Venise, Italie},
  language = {english}
}

@ARTICLE{survey_kakumanu:2007,
  author = {Kakumanu, Praveen K. and Makrogiannis, Sokratis and Bourbakis, Nikolaos
	G.},
  title = {A survey of skin-color modeling and detection methods},
  journal = {Pattern Recognition},
  year = {2007},
  volume = {40},
  pages = {1106--1122},
  number = {3},
  timestamp = {2010.06.15}
}

@INPROCEEDINGS{Kawaguchi2000,
  author = {Kawaguchi, Tsuyoshi and Hidaka, Daisuke and Rizon, Mohamed},
  title = {Robust extraction of eyes from face},
  booktitle = {Proceedings of the 15\textsuperscript{th} International Conference
	on Pattern Recognition},
  year = {2000},
  volume = {1},
  pages = {1109--1114},
  language = {english}
}

@ARTICLE{kan_FOV:2003,
  author = {Khan, Sohaib and Shah, Mubarak},
  title = {Consistent Labeling of Tracked Objects in Multiple Cameras with Overlapping
	Fields of View},
  journal = PAMI,
  year = {2003},
  volume = {25},
  pages = {1355--1360},
  number = {10},
  month = mois10,
  language = {english}
}

@ARTICLE{khotanzad:90,
  author = {Khotanzad, A. and Hong, Y.H.},
  title = {Invariant image recognition by {Z}ernike moments},
  journal = PAMI,
  year = {1990},
  volume = {12},
  pages = {489-497},
  number = {5},
  doi = {10.1109/34.55109},
  issn = {0162-8828}
}

@INPROCEEDINGS{kimmel-bruckstein:2002,
  author = {R. Kimmel and A. Bruckstein},
  title = {On edge detection integration and geometric active contours},
  booktitle = {International Symposium on Mathematical Morphology},
  year = {2002},
  organization = {vol. 2, Sydney, Australia}
}

@INPROCEEDINGS{klein_lemonier_1995,
  author = {Klein, Jean-Claude and Fabrice Lemonnier and Gauthier, M. and Peyrard,
	R.},
  title = {Hardware Implementation of the Watershed Zone Algorithm Based on
	a Hierarchical Queue Structure},
  booktitle = {IEEE Workshop on Non linear Signal and Image Processing},
  year = {1995},
  pages = {859--862},
  month = mois06,
  organization = {Neos Marmaras Malkidiki, {G}rèce},
  language = {english},
  optvolume = {2}
}

@ARTICLE{jourlin:isoperimetric:1996,
  author = {Labour\'e, Marie-Jos\'e and Jourlin, Michel and Fillière, Isabelle
	and Becker, Jean-Marie and Fr\'en\'ea, François},
  title = {Isoperimetric inequalities and shape parameters},
  journal = {Acta Stereologica},
  year = {1996},
  volume = {16},
  pages = {65--70},
  number = {3},
  language = {english}
}

@ARTICLE{Kin-Man-Lam96,
  author = {Lam, Kin-Man and Yan, Hong},
  title = {Locating and extracting the eye in human face images},
  journal = {Pattern Recognition},
  year = {1996},
  volume = {29},
  pages = {771--779},
  number = {5},
  language = {english}
}

@BOOK{landau-lifchitz,
  title = {Physique th\'eorique: M\'ecanique des fluides},
  publisher = {Ellipses},
  year = {1994},
  author = {Landau, L. and Lifchitz, E.},
  edition = {3},
  language = {french}
}

@ARTICLE{LANGE-2001,
  author = {Lange, Robert and Seitz, Peter},
  title = {Solid-State Time-of-Flight Range Camera},
  journal = {IEEE Journal of Quantum Electronics},
  year = {2001},
  volume = {37},
  pages = {390--397},
  number = {3},
  month = {March},
  timestamp = {2010.08.16}
}

@ARTICLE{lantuejoul:beucher:1981,
  author = {Lantu\'ejoul, Christian and Beucher, Serge},
  title = {On the use of geodesic metric in image analysis},
  journal = {Journal of Microscopy},
  year = {1981},
  volume = {121},
  pages = {39--49},
  month = mois01,
  language = {english}
}

@ARTICLE{lantuejoul_maisonneuve:1984,
  author = {Lantu\'ejoul, Christian and Maisonneuve, Francis},
  title = {Geodesic methods in quantitative image analysis.},
  journal = {Pattern Recognition},
  year = {1984},
  volume = {17},
  pages = {177--187},
  number = {2},
  language = {english}
}

@PHDTHESIS{laveau:2005,
  author = {Laveau, Nicolas},
  title = {Mouvement et vid\'eo : estimation, compression, et filtrage morphologique.},
  school = CMMENSMP,
  year = {2005},
  language = {french}
}

@INPROCEEDINGS{laveau:optical_se:2005,
  author = {Laveau, Nicolas and Bernard, Christophe},
  title = {Structuring elements following the optical flow},
  booktitle = {{P}roceedings of the 7th {I}nternational {S}ymposium on {M}athematical
	{M}orphology},
  year = {2005},
  pages = {43--52},
  month = mois04,
  language = {english}
}

@ARTICLE{lee-kim-park:1996,
  author = {Lee, Choong Hwan and Kim, Jun Sung and Park, Kyu Ho},
  title = {Automatic Human Face Location in a Complex Background Using Motion
	and Color Information},
  journal = {Pattern Recognition},
  year = {1996},
  volume = {11},
  pages = {1877--1889},
  number = {29},
  language = {english}
}

@PHDTHESIS{lerallut:2006,
  author = {Lerallut, Romain},
  title = {Mod\'elisation et Interpr\'etation d'Images {\`a} l'aide de Graphes.},
  school = CMMENSMP,
  year = {2006},
  language = {french}
}

@INPROCEEDINGS{lerallut:amoebas:2005,
  author = {Lerallut, Romain and Decencière, \'Etienne and Meyer, Fernand},
  title = {Image filtering using Morphological Amoebas},
  booktitle = {{P}roceedings of the 7th {I}nternational {S}ymposium on {M}athematical
	{M}orphology},
  year = {2005},
  pages = {13--22},
  month = mois04,
  language = {english}
}

@INPROCEEDINGS{levillain:2010,
  author = {Levillain, Roland and G{\'e}raud, Thierry and Najman, Laurent},
  title = {Why and How to Design a Generic and Efficient Image Processing Framework:
	The Case of the Milena Library},
  booktitle = {International Conference on Image Processing (ICIP'10)},
  year = {2010},
  timestamp = {2010.08.24}
}

@INPROCEEDINGS{levillain:2009,
  author = {Levillain, Roland and Géraud, Thierry and Najman, Laurent},
  title = {Milena: Write Generic Morphological Algorithms Once, Run on Many
	Kinds of Images},
  booktitle = {{P}roceedings of the 9\textsuperscript{th} {I}nternational {S}ymposium
	on {M}athematical {M}orphology (ISMM 2009)},
  year = {2009},
  pages = {295--306},
  timestamp = {2010.09.03}
}

@ARTICLE{levkowitz:ghls:93,
  author = {Levkowitz, Haim and Herman, Gabor T.},
  title = {{GLHS}: A Generalized {L}ightness, {H}ue, and {S}aturation Color
	Models},
  journal = {CVGIP: Graphical Models and Image Processing},
  year = {1993},
  volume = {55},
  pages = {271--285},
  number = {4},
  doi = {DOI: 10.1006/cgip.1993.1019},
  issn = {1049-9652}
}

@MISC{lindbloomSite,
  author = {Lindbloom, Bruce},
  title = {\url{http://www.brucelindbloom.com}},
  language = {english}
}

@ARTICLE{ling:2007,
  author = {Haibin Ling and Jacobs, David W.},
  title = {Shape Classification Using the Inner-Distance},
  journal = PAMI,
  year = {2007},
  volume = {29},
  pages = {286 -299},
  number = {2},
  doi = {10.1109/TPAMI.2007.41}
}

@INPROCEEDINGS{liu_segmenting_symetry_axis,
  author = {Tyng-Luh Liu and Davi Geiger and Alan L. Yuille},
  title = {Segmenting by seeking the symmetry axis},
  booktitle = ICPR,
  year = {1998},
  volume = {2},
  series = {14},
  pages = {994--998},
  month = mois08,
  organization = {Brisbane, Australie},
  language = {english}
}

@INPROCEEDINGS{lowe:99,
  author = {Lowe, David G.},
  title = {Object recognition from local scale-invariant features},
  booktitle = {The Proceedings of the Seventh IEEE International Conference on Computer
	Vision.},
  year = {1999},
  volume = {2},
  pages = {1150--1157},
  doi = {10.1109/ICCV.1999.790410},
  keywords = {3D projection;blurred image gradients;candidate object matches;cluttered
	partially occluded images;computation time;inferior temporal cortex;local
	geometric deformations;local image features;local scale-invariant
	features;low residual least squares solution;multiple orientation
	planes;nearest neighbor indexing method;primate vision;robust object
	recognition;staged filtering approach;unknown model parameters;computational
	geometry;feature extraction;image matching;least squares approximations;object
	recognition;}
}

@ARTICLE{malik:2001,
  author = {Malik, Jitendra and Belongie, Serge and Leung, Thomas and Shi, Jianbo},
  title = {Contour and Texture Analysis for Image Segmentation},
  journal = IJCV,
  year = {2001},
  volume = {43},
  pages = {7--27},
  number = {1},
  language = {english}
}

@INBOOK{maragos:PDE:2005,
  chapter = {4.16},
  title = {{PDE}s for Morphological Scale-Spaces and Eikonal Applications},
  publisher = {Academic Press},
  year = {2005},
  author = {Maragos, Petros},
  edition = {2},
  booktitle = {The image and Video Processing Handbook},
  language = {english}
}

@INPROCEEDINGS{maragos_pde:2005,
  author = {Maragos, Petros},
  title = {A variational formulation for {PDE}s for dilatations and levelings},
  booktitle = {Mathematical Morphology: 40 years on. Proceedings of the 7th International
	Symposium on Mathematical Morphology},
  year = {2005},
  volume = {30},
  pages = {321--332},
  month = mois04,
  publisher = {Springer},
  language = {english}
}

@PHDTHESIS{marcotegui:1996,
  author = {Marcotegui Iturmendi, Beatriz},
  title = {Segmentation de s\'equences d'images en vue du codage.},
  school = CMMENSMP,
  year = {1996},
  language = {french}
}

@INPROCEEDINGS{marcotegui:waterfalls:2005,
  author = {Marcotegui, Beatriz and Beucher, Serge},
  title = {Fast implementation of waterfalls based on Graphs},
  booktitle = {{P}roceedings of the 7th {I}nternational {S}ymposium on {M}athematical
	{M}orphology},
  year = {2005},
  pages = {177--186},
  month = mois04,
  language = {english}
}

@BOOK{Mardia_72,
  title = {Statistics of directional data},
  publisher = {Academic Press},
  year = {1972},
  author = {Mardia, Kanti V.},
  address = {New York},
  language = {english}
}

@ARTICLE{martinkauppi:2003,
  author = {Martinkauppi, Birgitta and Soriano, Maricor and Pietik\¨ainen, Matti},
  title = {Detection of Skin Color under Changing Illumination: A Comparative
	Study},
  journal = {International Conference on Image Analysis and Processing},
  year = {2003},
  volume = {0},
  pages = {652},
  address = {Los Alamitos, CA, USA},
  isbn = {0-7695-1948-2},
  publisher = {IEEE Computer Society}
}

@BOOK{matheron:1975,
  title = {Random Sets and Integral Geometry},
  publisher = {John Wiley \& Sons},
  year = {1975},
  author = {Matheron, Georges},
  series = {Wiley series in probability and mathematical statistics},
  timestamp = {2010.09.02}
}

@BOOK{matheron:1972,
  title = {Ensembles al\'eatoires et G\'eom\'etrie int\'egrale},
  publisher = {\'Ecole des Mines de Paris},
  year = {1972},
  author = {Matheron, Georges},
  volume = {Fascicule 6},
  number = {Tome 1},
  series = {Les cahiers du centre de morphologie math\'ematique de {F}ontainebleau},
  language = {french}
}

@BOOK{matheron:1969,
  title = {Th\'eorie des ensembles al\'eatoires},
  publisher = {\'Ecole des Mines de Paris},
  year = {1969},
  author = {Matheron, Georges},
  volume = {Fascicule 4},
  series = {Les cahiers du centre de morphologie math\'ematique de {F}ontainebleau},
  language = {french}
}

@TECHREPORT{Matheron:98,
  author = {Matheron, Georges and Serra, Jean},
  title = {The birth of Mathematical Morphology},
  institution = {Centre de Morphologie Math\'ematique / ENSMP},
  year = {1998},
  type = {Invited Conference, ISMM, Palo Alto, June 2000},
  note = {CF D-16/02/MM},
  language = {english}
}

@INPROCEEDINGS{meijster:2000,
  author = {Meijster, Arnold and Roerdink, J.B.T.M. and Hesselink, W.H.},
  title = {A general algorithm for computing distance transforms in linear time},
  booktitle = {Mathematical Morphology and its Applications to Image and Signal
	Processing},
  year = {2000},
  pages = {331--340},
  publisher = {Kluwer},
  language = {english}
}

@INPROCEEDINGS{meyer:levelings:98,
  author = {Meyer, Fernand},
  title = {The levelings},
  booktitle = {Proceedings of the 4\textsuperscript{th} {I}nternational {S}ymposium
	on {M}athematical {M}orphology and its applications to image and
	signal processing},
  year = {1998},
  pages = {199--206},
  publisher = {Kluwer Academic Publishers},
  language = {english}
}

@PATENT{meyer:1992,
  nationality = {US},
  number = {5463698},
  year = {1995},
  yearfiled = {1993},
  author = {Meyer, Fernand},
  title = {Method for the processing of images by hierarchically organized queues},
  language = {english}
}

@ARTICLE{meyer_watershed:94,
  author = {Meyer, Fernand},
  title = {Topographic distance and watershed lines},
  journal = {Signal Processing},
  year = {1994},
  volume = {38},
  pages = {113--125},
  number = {1},
  language = {english}
}

@INPROCEEDINGS{Meyer:lpe:1991,
  author = {Meyer, Fernand},
  title = {Un algorithme optimal de ligne de partage des eaux},
  booktitle = {Actes du 8\textsuperscript{e} Congrès AFCET Reconnaissance des Formes
	et Intelligence Artificielle},
  year = {1991},
  pages = {847--857},
  language = {english}
}

@INPROCEEDINGS{levelings_meyer:1999,
  author = {Meyer, Fernand and Maragos, Petros},
  title = {Morphological Scale-Space Representation with Levelings},
  booktitle = {Proceedings of the Second International Conference on Scale-Space
	Theories in Computer Vision},
  year = {1999},
  pages = {187--198},
  publisher = {Springer-Verlag},
  timestamp = {2010.08.30}
}

@INPROCEEDINGS{meyer-vachier_2002,
  author = {Meyer, Fernand and Vachier, Corrine},
  title = {Image Segmentation Based on Viscous Flooding Simulation},
  booktitle = {International Symposium on Mathematical Morphology},
  year = {2002},
  organization = {Sydney, Australia},
  language = {english},
  optvolume = {2}
}

@BOOK{meyers_s_effectivestl,
  title = {Effective STL: 50 Specific Ways to Improve Your Use of the Standard
	Template Library},
  publisher = {{A}ddison-{W}esley {P}rofessional},
  year = {2001},
  author = {Meyers, Scott},
  edition = {1},
  language = {english}
}

@ARTICLE{JonesRehg_StatToSkinDetection,
  author = {Michael, J.Jones and James, M. Rehg},
  title = {Statistical colour models with application to skin detection},
  journal = IJCV,
  year = {2002},
  volume = {46},
  pages = {81--96},
  number = {1},
  institution = {Cambridge research laboratory},
  issn = {0920-5691},
  language = {english}
}

@INPROCEEDINGS{occupant_posture_trivedi:2002,
  author = {Mikic, Ivana and Tivedi, Mohan},
  title = {Vehicle occupant posture analysis using voxel data},
  booktitle = {Proceedings of the 9\textsuperscript{th} World Congress on Intelligent
	Transport System},
  year = {2002},
  month = mois10,
  language = {english}
}

@PHDTHESIS{moisan:1997,
  author = {Moisan, Lionel},
  title = {Traitement num\'erique d'images et de films : \'equations aux d\'eriv\'ees
	partielles pr\'eservant forme et relief},
  school = {Universit\'e de Paris-IX - Dauphine},
  year = {1997},
  language = {french}
}

@INPROCEEDINGS{enficiau:icip:2011,
  author = {Mouine, Sofiène and Enficiaud, Raffi},
  title = {Landmark extraction from palmate leaves - application to grape},
  booktitle = {{IEEE} {I}nternational {C}onference on {I}mage {P}rocessing},
  year = {2011},
  note = {(submitted)},
  timestamp = {2011.02.21}
}

@INPROCEEDINGS{martinkauppi:2001,
  author = {{M}artinkauppi, J. Birgitta and {S}oriano, Maricor N. and {L}aaksonen,
	Mika V.},
  title = {Behavior of skin color under varying illumination seen by different
	cameras at different color spaces},
  booktitle = {SPIE Proceedings on Machine Vision Applications in Industrial Inspection
	IX},
  year = {2001},
  editor = {{Hunt}, M.~A.},
  volume = {4301},
  month = mois04,
  language = {english}
}

@PHDTHESIS{nachtegael:2002,
  author = {Nachtegael, Mike},
  title = {Vaagmorfologische en vaaglogische filtertechnieken in beeldverwerking},
  school = {Universit\'e de Ghent, Belgique},
  year = {2002}
}

@ARTICLE{naegel_htm:2007,
  author = {Benoît Naegel and Nicolas Passat and Christian Ronse},
  title = {Grey-level hit-or-miss transforms--Part I: Unified theory},
  journal = {Pattern Recognition},
  year = {2007},
  volume = {40},
  pages = {635--647},
  number = {2},
  doi = {DOI: 10.1016/j.patcog.2006.06.004},
  issn = {0031-3203}
}

@PHDTHESIS{najman:1994,
  author = {Najman, Laurent},
  title = {Morphologie Math\'ematique: de la Segmentation d'Images {\`a} l'Analyse
	Multivoque},
  school = {Universit\'e Paris-Dauphine - U.F.R. Math\'ematiques de la d\'ecision},
  year = {1994},
  language = {french}
}

@ARTICLE{nam:2008,
  author = {Nam, Yunyoung and Hwang, Eenjun and Kim, Dongyoon},
  title = {A similarity-based leaf image retrieval scheme: Joining shape and
	venation features},
  journal = {Computer Vision and Image Understanding},
  year = {2008},
  volume = {110},
  pages = {245--259},
  number = {2},
  doi = {DOI: 10.1016/j.cviu.2007.08.002},
  issn = {1077-3142}
}

@INPROCEEDINGS{nayak-chaudhuri,
  author = {A. Nayak and S. Chaudhuri},
  title = {Self-induced color correction for skin tracking under varying illumination},
  booktitle = ICIP,
  year = {2003},
  month = mois09
}

@ARTICLE{neto:2006,
  author = {Neto, João Camargo and Meyer, George E. and Jones, David D. and Samal,
	Ashok K.},
  title = {Plant species identification using Elliptic Fourier leaf shape analysis},
  journal = {Computers and Electronics in Agriculture},
  year = {2006},
  volume = {50},
  pages = {121 - 134},
  number = {2},
  doi = {DOI: 10.1016/j.compag.2005.09.004},
  issn = {0168-1699}
}

@ARTICLE{nguyen_boomgaard,
  author = {Nguyen, Hieu Tat and Worring, Marcel and van den Boomgaard, Rein},
  title = {Watersnakes: Energy-driven watershed segmentation},
  journal = PAMI,
  year = {2003},
  volume = {25},
  pages = {330--343},
  number = {3},
  language = {english}
}

@INPROCEEDINGS{nilsback:2008,
  author = {Nilsback, Maria-Elena and Zisserman, Andrew},
  title = {Automated Flower Classification over a Large Number of Classes},
  booktitle = {Proceedings of the Indian Conference on Computer Vision, Graphics
	and Image Processing},
  year = {2008},
  timestamp = {2010.12.06}
}

@TECHREPORT{oiv2009:english,
  author = {{OIV expert group ``Vine selection''}},
  title = {The {OIV} descriptor list for grape varieties and {V}itis species},
  institution = {{O}rganisation {I}nternationale de la {V}igne et du {V}in (OIV)},
  year = {2009},
  edition = {2nd},
  editor = {{O}rganisation {I}nternationale de la {V}igne et du {V}in},
  url = {http://www.oiv.int/oiv/files/5%20-%20Publications/5%20-%201%20Publications%20OIV/EN/5-1-9_Liste_descripteurs_2ed_EN.pdf}
}

@INCOLLECTION{Olshausen:2003,
  author = {Olshausen, Bruno A.},
  title = {Principles of Image Representation in Visual Cortex},
  booktitle = {The Visual Neurosciences},
  publisher = {MIT Press},
  year = {2003},
  editor = {Werner, John S. and Chalupa, Leo M.},
  pages = {1603--1615},
  language = {english}
}

@ARTICLE{osher_fedkiw_2001,
  author = {Osher, Stanley and Fedkiw, Ronald P.},
  title = {Level set methods: an overview and some recent results},
  journal = {Journal of Computational Physics},
  year = {2001},
  volume = {169},
  pages = {463--502},
  number = {2},
  month = mois05,
  language = {english},
  publisher = {Academic Press Professional, Inc.}
}

@TECHREPORT{deriche_paragios:98,
  author = {Paragios, Nikos and Deriche, Rachid},
  title = {Geodesic Active Regions for Texture Segmentation},
  institution = {INRIA Sophia Antipolis},
  year = {1998},
  language = {english}
}

@INPROCEEDINGS{park:2006,
  author = {Park, Jin-Kyu and Hwang, EenJun and Nam, Yunyoung},
  title = {A Venation-Based Leaf Image Classification Scheme},
  booktitle = {Information Retrieval Technology},
  year = {2006},
  editor = {Ng, Hwee and Leong, Mun-Kew and Kan, Min-Yen and Ji, Donghong},
  volume = {4182},
  series = {Lecture Notes in Computer Science},
  pages = {416-428},
  publisher = {Springer},
  doi = {10.1007/11880592_32}
}

@INPROCEEDINGS{peters2morphology_angle:1997,
  author = {Peters, Richard Allan II},
  title = {Mathematical morphology for angle-valued images},
  booktitle = {SPIE Proceedings on Nonlinear Image Processing VIII},
  year = {1997},
  editor = {SPIE},
  volume = {3026},
  pages = {84--94},
  month = mois04,
  language = {english}
}

@ARTICLE{pic2004,
  author = {Pic, Mickael and Berthouze, Luc and Kurita, Takio},
  title = {Adaptive Background Estimation: Computing a Pixel-Wise Learning Rate
	from Local Confidence and Global Correlation Values},
  journal = {IEICE Transaction on Information and Systems. Special Issue on Machine
	Vision Applications},
  year = {2004},
  volume = {E87-D},
  pages = {50--57},
  number = {1},
  language = {english}
}

@PHDTHESIS{pich:2009,
  author = {Christian Pich},
  title = {Applications of Multidimensional Scaling to Graph Drawing},
  school = {Universität Konstanz - Fachbereich Informatik und Informationswissenschaft},
  year = {2009},
  timestamp = {2010.10.20}
}

@ARTICLE{leaf_extraction:2011,
  author = {Price, Charles A. and Symonova, Olga and Mileyko, Yuriy and Hilley,
	Troy and Weitz, Joshua S.},
  title = {Leaf Extraction and Analysis Framework Graphical User Interface:
	Segmenting and Analyzing the Structure of Leaf Veins and Areoles},
  journal = {Plant Physiology},
  year = {2011},
  volume = {155},
  pages = {236--245},
  owner = {enficiau},
  timestamp = {2011.02.02}
}

@ARTICLE{rieger2003,
  author = {Rieger, Bernd and van Vliet, Lucas J.},
  title = {A systematic approach to nD orientation representation},
  journal = {Image and Vision Computing},
  year = {2004},
  volume = {22},
  pages = {453--459},
  number = {6},
  month = mois06,
  language = {english}
}

@PATENT{risson:2002,
  nationality = {United States},
  number = {7068840},
  year = {2006},
  yearfiled = {2002},
  author = {Risson, Val\'ery},
  title = {Determination of an illuminant of digital color image by segmentation
	and filtering},
  assignee = {Eastman Kodak Company},
  day = {27},
  dayfiled = {22},
  month = {06},
  monthfiled = {11},
  timestamp = {2010.06.28}
}

@PHDTHESIS{risson_2001,
  author = {Risson, Val\'ery},
  title = {Application de la morphologie math\'ematique {\`a} l'analyse des
	conditions d'\'eclairage des images couleur},
  school = CMMENSMP,
  year = {2001},
  language = {french}
}

@ARTICLE{RoerdinkM00,
  author = {Roerdink, J.B.T.M. and Arnold Meijster},
  title = {The Watershed Transform: Definitions, Algorithms and Parallelization
	Strategies.},
  journal = {Fundamenta Informaticae},
  year = {2000},
  volume = {41},
  pages = {187--228},
  number = {1-2},
  language = {english}
}

@ARTICLE{lle:2000,
  author = {Roweis, Sam T. and Saul, Lawrence K.},
  title = {Nonlinear dimensionality reduction by locally linear embedding},
  journal = {Science},
  year = {2000},
  volume = {290},
  pages = {2323--2326},
  number = {5500},
  doi = {DOI: 10.1126/science.290.5500.2319},
  timestamp = {2010.06.19}
}

@ARTICLE{muzet_vigilance,
  author = {Roz\'e, J. and Pebayle, T. and Muzet, A.},
  title = {Variations of the level of vigilance and of behavioural activities
	during simulated automobile driving},
  journal = {Pergamon},
  year = {2001},
  volume = {Accident analysis and prevention},
  pages = {181--186},
  number = {33},
  language = {english},
  organization = {Centre d'\'etudes de physiologie appliqu\'ee du CNRS, Strasbourg}
}

@ARTICLE{quant_leaf_pattern:2009,
  author = {{R}olland-{L}agan, {A}nne-{G}a\"elle and Amin, Mira and Pakulska,
	Malgosia},
  title = {Quantifying leaf venation patterns: two-dimensional maps},
  journal = {The Plant Journal},
  year = {2009},
  volume = {57},
  pages = {195--205},
  number = {1},
  doi = {DOI: 10.1111/j.1365-313X.2008.03678.x},
  owner = {enficiau},
  timestamp = {2011.02.02}
}

@ARTICLE{salembier:flat_zones:95,
  author = {Salembier, Philippe and Serra, Jean},
  title = {Flat zones filtering, connected operators, and filters by reconstruction},
  journal = IEEEIP,
  year = {1995},
  volume = {4},
  pages = {1153--1160},
  number = {8},
  language = {english}
}

@ARTICLE{continuous_morpho:kimmel:1993,
  author = {Sapiro, Guillermo and Kimmel, Ron and Shaked, Doron and Kimia, Benjamin
	B. and Bruckstein, Alfred M.},
  title = {Implementing continuous-scale morphology via curve evolution},
  journal = {Pattern Recognition},
  year = {1993},
  volume = {26},
  pages = {1363--1372},
  number = {9},
  doi = {DOI: 10.1016/0031-3203(93)90142-J}
}

@ARTICLE{think:roweis:2003,
  author = {Saul, Lawrence K. and Roweis, Sam T.},
  title = {Think Globally, Fit Locally: Unsupervised Learning of Low Dimensional
	Manifolds},
  journal = JMLR,
  year = {2003},
  volume = {4},
  pages = {119--155},
  timestamp = {2010.06.19}
}

@ARTICLE{scavo:95,
  author = {Scavo, Thomas R. and Thoo, John B.},
  title = {On the Geometry of {H}alley's Method},
  journal = {The American Mathematical Monthly},
  year = {1995},
  volume = {102},
  pages = {417-426},
  number = {5},
  language = {English},
  owner = {Raffi}
}

@PHDTHESIS{schiele:1997,
  author = {Bernt Schiele},
  title = {Reconnaissance d'objets utilisant des histogrammes multidimensionnels
	de champs r\'eceptifs},
  school = {{I}nstitut {N}ational {P}olytechnique de {G}renoble},
  year = {1997},
  language = {french}
}

@PHDTHESIS{schmitt:89,
  author = {Schmitt, Michel},
  title = {Des algorithmes morphologiques {\`a} l'intelligence artificielle},
  school = CMMENSMP,
  year = {1989},
  language = {french}
}

@ARTICLE{schreiber:2007,
  author = {Schreiber, David and Luo, Yun},
  title = {Seat detection in a car for a smart airbag application},
  journal = {Pattern Recognition Letters},
  year = {2007},
  volume = {28},
  pages = {534--544},
  number = {4},
  doi = {DOI: 10.1016/j.patrec.2006.10.007},
  issn = {0167-8655},
  keywords = {3D object recognition}
}

@BOOK{serra:1988,
  title = {Image Analysis and Mathematical Morphology - Part 2: theoretical
	advances},
  publisher = {Accademic Press, London},
  year = {1988},
  author = {Serra, Jean},
  edition = {1},
  language = {english}
}

@BOOK{sethian_level_set1996,
  title = {Level Set Methods: Evolving Interfaces in Geometry, Fluid Mechanics,
	Computer Vision, and Materials Science},
  publisher = {{C}ambridge {U}niversity {P}ress},
  year = {1996},
  author = {Sethian, JA.},
  volume = {3},
  series = {Cambridge Monographs on Applied and Computational Mathematics},
  edition = {1},
  language = {english}
}

@ARTICLE{sharma97IEEE,
  author = {Sharma, G. and Trussell, H. J. },
  title = {Digital Color Imaging},
  journal = IEEEIP,
  year = {1997},
  volume = {6},
  pages = {901--932},
  number = {7},
  language = {english}
}

@TECHREPORT{sim:the:01,
  author = {T.~Sim and S.~Baker and M.~Bsat},
  title = {The {CMU} Pose, Illumination, and Expression {(PIE)} - Database of
	Human Faces},
  institution = {The Robotics Institute, {C}arnegie {M}ellon {U}niversity},
  year = {2001},
  number = {CMU-RI-TR-01-02},
  month = {January},
  language = {english}
}

@ARTICLE{smith_2003,
  author = {Smith, Paul and Shah, Mubarak and da Vitoria Lobo, Niels},
  title = {Determining driver visual attention with one camera},
  journal = ITS,
  year = {2003},
  volume = {4},
  pages = {205--218},
  number = {4},
  month = mois12,
  language = {english}
}

@INPROCEEDINGS{sobottka-pitas-detection_96,
  author = {Sobottka, Karin and Pitas, Ioannis},
  title = {Segmentation and tracking of faces in colour images},
  booktitle = {Proceedings of the 2\textsuperscript{nd} International Conference
	on Automatic Face and Gesture Recognition},
  year = {1996},
  pages = {236--241},
  language = {english}
}

@INPROCEEDINGS{sobottka-pitas-extraction_96,
  author = {Sobottka, Karin and Pitas, Ioannis},
  title = {Extraction of facial regions and features using colour and shape
	information},
  booktitle = {Proceedings of the 13\textsuperscript{th} International Conference
	on Pattern Recognition},
  year = {1996},
  volume = {3},
  pages = {421--425},
  month = mois08
}

@INPROCEEDINGS{sofoumaragos:2003,
  author = {Sofou, Anastasia and Maragos, Petros},
  title = {{PDE}-Based modeling of image segmentation using volumic flooding},
  booktitle = {Proceedings of International Conference on Image Processing},
  year = {2003},
  pages = {431--434},
  month = mois09,
  language = {english},
  opvolume = {30}
}

@ARTICLE{soille:crop:2000,
  author = {Soille, Pierre},
  title = {Morphological image analysis applied to crop field mapping},
  journal = {Image and Vision Computing},
  year = {2000},
  volume = {18},
  pages = {1025--1032},
  number = {13},
  doi = {DOI: 10.1016/S0262-8856(00)00043-3},
  issn = {0262-8856}
}

@BOOK{soille:1999,
  title = {Morphological Image Analysis : principles and applications},
  publisher = {Springer},
  year = {1999},
  author = {Soille, Pierre},
  edition = {2},
  language = {english}
}

@ARTICLE{soille_directional:2001,
  author = {Soille, Pierre and Talbot, Hugues},
  title = {Directional Morphological Filtering},
  journal = PAMI,
  year = {2001},
  volume = {23},
  pages = {1313--1329},
  number = {11},
  doi = {http://dx.doi.org/10.1109/34.969120},
  issn = {0162-8828}
}

@TECHREPORT{fmvss208,
  author = {Federal Motor Vehicle Safety Standards and Regulations},
  title = {Occupant Crash Protection (FMVSS208)},
  institution = {National Highway Traffic Safety Administration},
  year = {2002},
  timestamp = {2010.09.02}
}

@BOOK{stroustrup:1997,
  title = {The C++ Programming Language},
  publisher = {{A}ddison-{W}esley {P}rofessional},
  year = {1997},
  author = {Stroustrup, Bjarne},
  edition = {3},
  language = {english}
}

@PHDTHESIS{storring:2004,
  author = {St{\"o}rring, Moritz},
  title = {Computer vision and Human skin colour},
  school = {Computer Vision \& Media Technology Laboratory, Aalborg University,
	{D}anemark},
  year = {2004},
  language = {english}
}

@INPROCEEDINGS{storring:1999,
  author = {St{\"o}rring, Moritz and Andersen, Hans J. and Granum, Erik},
  title = {Skin colour under changing lighting conditions},
  booktitle = {Proceedings of the 7\textsuperscript{th} Symposium on Intelligent
	Robotics System},
  year = {1999},
  language = {english}
}

@ARTICLE{muzet_consciousness,
  author = {Tassi, P. and Muzet, A.},
  title = {Defining the states of consciousness},
  journal = {Neuroscience \& Biobehavioral Reviews},
  year = {2001},
  volume = {25},
  pages = {175--191},
  number = {2},
  language = {english},
  organization = {Centre d'\'etudes de physiologie appliqu\'ee du CNRS, Strasbourg}
}

@ARTICLE{isomap:2000,
  author = {Tenenbaum, Joshua B. and de Silva, Vin and Langford, John C.},
  title = {A Global Geometric Framework for Nonlinear Dimensionality Reduction},
  journal = {Science},
  year = {2000},
  volume = {290},
  pages = {2319--2323},
  number = {5500},
  doi = {DOI: 10.1126/science.290.5500.2319},
  timestamp = {2010.06.19}
}

@INPROCEEDINGS{terrillon-fukamachi,
  author = {Terrillon, Jean-Christophe and Fukamachi, Hideo and Akamatsu, Shigeru
	and Shirazi, Mahdad N.},
  title = {Comparative Performance of Different Skin Chrominance Models and
	Chrominance Spaces for the Automatic Detection of Human Faces in
	Colour Images},
  booktitle = {Proceedings of the 4\textsuperscript{th} IEEE International Conference
	on Automatic Face and Gesture Recognition},
  year = {2000},
  pages = {54},
  publisher = {IEEE Computer Society}
}

@BOOK{tremeau2004,
  title = {Image Num\'erique Couleur},
  publisher = {Dunod},
  year = {2004},
  author = {Tr\'emeau, Alain and Fernandez-Maloigne, Christine and Bonton, Pierre},
  edition = {1},
  language = {french}
}

@ARTICLE{travis:1996,
  author = {Travis, A.J. and Hirst, D.J. and Chesson, A.},
  title = {Automatic Classification of Plant Cells According to Tissue Type
	using Anatomical Features Obtained by the Distance Transform},
  journal = {Annals of Botany},
  year = {1996},
  volume = {78},
  pages = {325-–331},
  number = {3},
  timestamp = {2010.06.21}
}

@ARTICLE{occupant_posture_trivedi:2004,
  author = {Trivedi, Mohan M. and Cheng, Shinko Y. and Childers, Edwin M. C.
	and Krotosky, Stephen J.},
  title = {Occupant Posture Analysis with Stereo and Infrared Video: Algorithms
	and Experimental Evaluation},
  journal = TVT,
  year = {2004},
  volume = {53},
  pages = {1698--1712},
  number = {6},
  month = mois11,
  language = {english}
}

@TECHREPORT{tsai_osher_2003,
  author = {Tsai, Richard and Osher, Stanley},
  title = {Level Set Methods in Image Science},
  institution = {Computational and Applied Mathematics},
  year = {2003},
  month = mois01,
  language = {english},
  school = {UCLA}
}

@ARTICLE{wilkinson_efficient_2D:2008,
  author = {Urbach, Erik R. and Wilkinson, Michael H.F.},
  title = {Efficient 2-D Grayscale Morphological Transformations With Arbitrary
	Flat Structuring Elements},
  journal = {IEEEIP},
  year = {2008},
  volume = {17},
  pages = {1--8},
  number = {1},
  owner = {Superraf},
  timestamp = {2010.08.24}
}

@BOOKLET{VanDroogenbroeck2002Xlim3D,
  title = {Xlim{3D}: un logiciel de traitement d'images},
  author = {M. {Van Droogenbroeck}},
  howpublished = {Rapport d'utilisation, 269 pages},
  year = {2002},
  keywords = {Xlim, Xlim3D, Mathematical morphology, Software},
  pdf = {http://orbi.ulg.ac.be/bitstream/2268/120647/1/VanDroogenbroeck2002Xlim3D.pdf},
  url = {http://hdl.handle.net/2268/120647}
}

@INPROCEEDINGS{vvliet1996,
  author = {Van Vliet, Lucas J. and Verbeek, Piet W.},
  title = {Curvature and bending energy in digitized 2D and 3D images},
  booktitle = {Proceedings of the 8\textsuperscript{th} Scandinavian Conference
	on Image Analysis},
  year = {1993},
  pages = {1403--1410},
  language = {english}
}

@INPROCEEDINGS{vapillon97,
  author = {Vapillon, Alexis and Collin, Bertrand and Montanvert, Annick},
  title = {Contour matching by multiresolution curvature analysis},
  booktitle = {16\textsuperscript{th} Gretsi symposium on signal and image processing},
  year = {1997},
  month = mois09,
  language = {english}
}

@TECHREPORT{veltkamp99stateart,
  author = {Veltkamp, Remco C. and Hagedoorn, Michiel},
  title = {State of the art in shape matching},
  institution = {Universit\'e d'Utrecht, Pays{-}Bas},
  year = {1999},
  number = {UU-CS-1999-27},
  url = {http://citeseer.nj.nec.com/veltkamp99stateart.html}
}

@ARTICLE{vincent:1993,
  author = {Vincent, Luc},
  title = {Morphological grayscale reconstruction in image analysis : applications
	and efficient algorithms},
  journal = IEEEIP,
  year = {1993},
  volume = {2},
  pages = {176--201},
  number = {2},
  language = {english}
}

@INPROCEEDINGS{vincent:distance:91,
  author = {Vincent, Luc},
  title = {Exact euclidean distance function by chain propagations},
  booktitle = {Proceedings of the IEEE Conference on Computer Vision and Pattern
	Recognition (CVPR)},
  year = {1991},
  pages = {520--525},
  language = {english}
}

@PHDTHESIS{vincent:1990,
  author = {Vincent, Luc},
  title = {Algorithmes morphologiques {\`a} base de files d'attente et de lacets.
	Extension aux graphes.},
  school = CMMENSMP,
  year = {1990},
  language = {french}
}

@ARTICLE{vincent_soille:91,
  author = {Vincent, Luc and Soille, Pierre},
  title = {Watersheds in Digital Spaces: An Efficient Algorithm Based on Immersion
	Simulations.},
  journal = PAMI,
  year = {1991},
  volume = {13},
  pages = {583--598},
  number = {6},
  language = {english}
}

@PATENT{PATENT:20040240706,
  nationality = {United States},
  number = {7379559},
  year = {2008},
  yearfiled = {2003},
  author = {Wallace, Jon K. and Luo, Yun and Dziadula, Robert and Khairallah,
	Farid},
  title = {Method and apparatus for determining an occupant's head location
	in an actuatable occupant restraining system},
  month = {December},
  note = {US Patent 7379559},
  timestamp = {2010.08.23}
}

@PHDTHESIS{walter:2003,
  author = {Walter, Thomas},
  title = {Application de la {M}orphologie {M}ath\'ematique au diagnostic de
	la {R}\'etinopathie {D}iab\'etique \`a partir d'images couleur.},
  school = CMMENSMP,
  year = {2003},
  language = {french}
}

@INCOLLECTION{walter:2001,
  author = {Walter, Thomas and Klein, Jean-Claude},
  title = {Segmentation of Color Fundus Images of the Human Retina: Detection
	of the Optic Disc and the Vascular Tree Using Morphological Techniques},
  booktitle = {Medical Data Analysis},
  publisher = {Springer},
  year = {2001},
  editor = {Crespo, Jose and Maojo, Victor and Martin, Fernando},
  volume = {2199},
  series = {Lecture Notes in Computer Science},
  pages = {282--287},
  affiliation = {Centre de Morphologie Mathématique Ecole nationale supérieure des
	Mines de Paris 35 rue St.Honoré 77305 Fontainebleau CEDEX France},
  doi = {10.1007/3-540-45497-7_43}
}

@INCOLLECTION{walter:2005,
  author = {Walter, Thomas and Klein, Jean-Claude},
  title = {Automatic Analysis of Color Fundus Photographs and Its Application
	to the Diagnosis of Diabetic Retinopathy},
  booktitle = {Handbook of Biomedical Image Analysis},
  publisher = {Springer US},
  year = {2005},
  editor = {Micheli-Tzanakou, Evangelia and Suri, Jasjit S. and Wilson, David
	L. and Laxminarayan, Swamy},
  series = {Topics in Biomedical Engineering International Book Series},
  pages = {315--368},
  affiliation = {Paris School of Mines Centre of Mathematical Morphology Fontainebleau
	France},
  doi = {10.1007/0-306-48606-7_7},
  isbn = {978-0-306-48606-7},
  keyword = {Engineering}
}

@INBOOK{walter_klein:2005,
  chapter = {Chapter 7: Automatic Analysis of Color Fundus Photographs and its
	Application to the Diagnosis of Diabetic Retinopathy},
  pages = {315--368},
  title = {Handbook of Biomedical Image Analysis},
  publisher = {Kluwer Academic / Plenum Publishers},
  year = {2005},
  editor = {Suri, Jasjit S. and Wilson, David L. and Laxminarayan, Swamy},
  author = {Walter, Thomas and Klein, Jean-Claude},
  volume = {Volume II, Segmentation Models, Part B},
  owner = {superraf},
  timestamp = {2010.02.17}
}

@ARTICLE{wang:2008,
  author = {Wang, Xiao-Feng and Huang, De-Shuang and Du, Ji-Xiang and Xu, Huan
	and Heutte, Laurent},
  title = {Classification of plant leaf images with complicated background},
  journal = {Applied Mathematics and Computation},
  year = {2008},
  volume = {205},
  pages = {916 - 926},
  number = {2},
  doi = {DOI: 10.1016/j.amc.2008.05.108},
  issn = {0096-3003}
}

@INPROCEEDINGS{power:2002,
  author = {Power P. Wayne and Schoonees, Johann},
  title = {Understanding background mixture models for foreground segmentation},
  booktitle = {Image and Vision Computing New Zealand (IVCNZ 2002)},
  year = {2002},
  pages = {267--271},
  month = mois11,
  language = {english}
}

@ARTICLE{weinberger:2006,
  author = {Weinberger, Kilian Q. and Saul, Lawrence K.},
  title = {Unsupervised Learning of Image Manifolds by Semidefinite Programming},
  journal = IJCV,
  year = {2006},
  volume = {70},
  pages = {77--90},
  number = {1},
  doi = {http://dx.doi.org/10.1007/s11263-005-4939-z},
  publisher = {Kluwer Academic Publishers}
}

@BOOK{Wyszecki82,
  title = {Color Science: Concepts and Methods, Quantitative Data and Formulae},
  publisher = {John Wiley \& Sons, New-York},
  year = {1982},
  author = {Wysecki, Günther and Stiles, W.S.},
  edition = {2},
  language = {english}
}

@ARTICLE{xu-prince:98,
  author = {Xu, Chenyang and Prince, J.L.},
  title = {Snakes, Shapes, and Gradient Vector Flow},
  journal = IEEEIP,
  year = {1998},
  volume = {7},
  pages = {359--369},
  number = {3},
  month = mois03,
  language = {english}
}

@ARTICLE{yang-kriegman-ahuja,
  author = {Yang, Ming-Hsuan and Kriegman, David J. and Ahuja, N.},
  title = {Detecting faces in images: A survey},
  journal = PAMI,
  year = {2002},
  volume = {24},
  pages = {34--58},
  number = {1},
  language = {english}
}

@ARTICLE{zana:2001,
  author = {Zana, Frédéric and Klein, Jean-Claude},
  title = {Segmentation of vessel-like patterns using mathematical morphology
	and curvature evaluation},
  journal = IEEEIP,
  year = {2001},
  volume = {10},
  pages = {1010--1019},
  number = {7},
  doi = {10.1109/83.931095},
  issn = {1057-7149}
}

@PHDTHESIS{zanoguera_tous_2001,
  author = {Zanoguera-Tous, Maria Francisca },
  title = {Segmentation interactive d'images fixes et de s\'equences vid\'eos
	bas\'ee sur des hi\'erarchies de partitions},
  school = CMMENSMP,
  year = {2001},
  language = {french}
}

@BOOK{zimmerman:1991,
  title = {Fuzzy set theory and its application},
  publisher = {Kluwer Academic Publishers},
  year = {1991},
  author = {Zimmermann, Hans{-}Jürgen},
  edition = {2},
  language = {english}
}

@MISC{Boost,
  title = {The {B}oost {C++} librairy},
  howpublished = {http://www.boost.org},
  timestamp = {2010.08.23},
  url = {http://www.boost.org}
}

@MISC{Morphm,
  title = {{M}orph-{M}},
  owner = {Superraf},
  timestamp = {2010.06.29},
  url = {http://morphm.ensmp.fr}
}

@MISC{xlim3D:web,
  title = {{XL}im{3D}},
  howpublished = {http://cmm.ensmp.fr/xlim3d.html},
  owner = {renficiaud},
  timestamp = {2012.06.20},
  url = {http://cmm.ensmp.fr/xlim3d.html}
}

@comment{jabref-meta: groupsversion:3;}

@comment{jabref-meta: groupstree:
0 AllEntriesGroup:;
1 ExplicitGroup:Morpho Math\;0\;;
1 ExplicitGroup:icip2011\;0\;OIV2009\;enficiau:ebio:2009\;levkowitz:gh
ls:93\;mean_shift:2002\;mean_shift_fukuna:1975\;nam:2008\;park:2006\;s
oille_directional:2001\;venation:2002\;walter:2001\;zana:2001\;;
}

